<?xml version="1.0" encoding="UTF-8"?>
<!DOCTYPE html PUBLIC "-//W3C//DTD XHTML 1.0 Transitional//EN"
    "http://www.w3.org/TR/xhtml1/DTD/xhtml1-transitional.dtd">
<html xmlns="http://www.w3.org/1999/xhtml" xml:lang="en" lang="en">
 <head>
  <title>
</title>
<meta http-equiv="Content-Type" content="text/html;charset=utf-8" />
  <meta name='ocr-system' content='tesseract 3.04.00' />
  <meta name='ocr-capabilities' content='ocr_page ocr_carea ocr_par ocr_line ocrx_word'/>
</head>
<body>
  <div class='ocr_page' id='page_1' title='image "4769350_0009.png"; bbox 0 0 2660 3199; ppageno 0'>
   <div class='ocr_carea' id='block_1_1' title="bbox 0 0 904 539">
    <p class='ocr_par' dir='ltr' id='par_1_1' title="bbox 0 0 904 539">
     <span class='ocr_line' id='line_1_1' title="bbox 0 0 904 539; baseline 0 2660"><span class='ocrx_word' id='word_1_1' title='bbox 0 0 904 539; x_wconf 95' lang='lat' dir='ltr'><strong> </strong></span> 
     </span>
    </p>
   </div>
   <div class='ocr_carea' id='block_1_2' title="bbox 1049 904 1525 1008">
    <p class='ocr_par' dir='ltr' id='par_1_2' title="bbox 1049 904 1525 1008">
     <span class='ocr_line' id='line_1_2' title="bbox 1049 904 1525 1008; baseline -0.004 0"><span class='ocrx_word' id='word_1_2' title='bbox 1049 904 1525 1008; x_wconf 79' lang='lat' dir='ltr'><strong>Horatiana.</strong></span> 
     </span>
    </p>
   </div>
   <div class='ocr_carea' id='block_1_3' title="bbox 159 1302 2419 1924">
    <p class='ocr_par' dir='ltr' id='par_1_3' title="bbox 159 1302 2419 1924">
     <span class='ocr_line' id='line_1_3' title="bbox 164 1302 2416 1372; baseline 0 -14"><span class='ocrx_word' id='word_1_3' title='bbox 164 1302 293 1367; x_wconf 72' lang='lat' dir='ltr'><strong>Etsi</strong></span> <span class='ocrx_word' id='word_1_4' title='bbox 321 1318 362 1358; x_wconf 92' lang='lat' dir='ltr'><strong>in</strong></span> <span class='ocrx_word' id='word_1_5' title='bbox 393 1315 441 1366; x_wconf 85' lang='lat' dir='ltr'><strong>Q.</strong></span> <span class='ocrx_word' id='word_1_6' title='bbox 466 1315 632 1357; x_wconf 88' lang='lat' dir='ltr'><strong>Horatii</strong></span> <span class='ocrx_word' id='word_1_7' title='bbox 660 1315 802 1357; x_wconf 81' lang='lat' dir='ltr'><strong>Flacci</strong></span> <span class='ocrx_word' id='word_1_8' title='bbox 837 1314 1040 1371; x_wconf 85' lang='lat' dir='ltr'><strong>operibus</strong></span> <span class='ocrx_word' id='word_1_9' title='bbox 1067 1313 1344 1355; x_wconf 84' lang='lat' dir='ltr'>emendandis</span> <span class='ocrx_word' id='word_1_10' title='bbox 1374 1313 1642 1370; x_wconf 80' lang='lat' dir='ltr'><strong>explicandis</strong></span> <span class='ocrx_word' id='word_1_11' title='bbox 1673 1314 2003 1370; x_wconf 69' lang='lat' dir='ltr'><strong>interpretandis</strong></span> <span class='ocrx_word' id='word_1_12' title='bbox 2028 1316 2207 1369; x_wconf 90' lang='lat' dir='ltr'><strong>optimus</strong></span> <span class='ocrx_word' id='word_1_13' title='bbox 2233 1315 2416 1372; x_wconf 84' lang='lat' dir='ltr'><strong>quisque</strong></span> 
     </span>
     <span class='ocr_line' id='line_1_4' title="bbox 162 1373 2417 1432; baseline 0 -13"><span class='ocrx_word' id='word_1_14' title='bbox 162 1378 358 1420; x_wconf 84' lang='lat' dir='ltr'><strong>virorum</strong></span> <span class='ocrx_word' id='word_1_15' title='bbox 377 1377 598 1419; x_wconf 87' lang='lat' dir='ltr'><strong>doctorum</strong></span> <span class='ocrx_word' id='word_1_16' title='bbox 617 1389 791 1432; x_wconf 90' lang='lat' dir='ltr'><strong>operam</strong></span> <span class='ocrx_word' id='word_1_17' title='bbox 818 1375 1086 1431; x_wconf 68' lang='lat' dir='ltr'><strong>studiumque</strong></span> <span class='ocrx_word' id='word_1_18' title='bbox 1115 1376 1232 1430; x_wconf 84' lang='lat' dir='ltr'><strong>quasi</strong></span> <span class='ocrx_word' id='word_1_19' title='bbox 1255 1377 1296 1417; x_wconf 92' lang='lat' dir='ltr'><strong>in</strong></span> <span class='ocrx_word' id='word_1_20' title='bbox 1319 1375 1535 1417; x_wconf 88' lang='lat' dir='ltr'><strong>literarum</strong></span> <span class='ocrx_word' id='word_1_21' title='bbox 1555 1376 1822 1431; x_wconf 88' lang='lat' dir='ltr'><strong>provinciam</strong></span> <span class='ocrx_word' id='word_1_22' title='bbox 1842 1375 2192 1432; x_wconf 79' lang='lat' dir='ltr'><strong>proconsularem</strong></span> <span class='ocrx_word' id='word_1_23' title='bbox 2210 1373 2417 1432; x_wconf 81' lang='lat' dir='ltr'><strong>quandam</strong></span> 
     </span>
     <span class='ocr_line' id='line_1_5' title="bbox 163 1435 2416 1497; baseline -0 -15"><span class='ocrx_word' id='word_1_24' title='bbox 163 1439 494 1497; x_wconf 86' lang='lat' dir='ltr'><strong>properiamque</strong></span> <span class='ocrx_word' id='word_1_25' title='bbox 522 1436 795 1480; x_wconf 88' lang='lat' dir='ltr'><strong>contulerunt</strong></span> <span class='ocrx_word' id='word_1_26' title='bbox 820 1443 859 1481; x_wconf 89' lang='lat' dir='ltr'><strong>et</strong></span> <span class='ocrx_word' id='word_1_27' title='bbox 892 1449 1092 1481; x_wconf 88' lang='lat' dir='ltr'><strong>numerus</strong></span> <span class='ocrx_word' id='word_1_28' title='bbox 1121 1435 1380 1479; x_wconf 89' lang='lat' dir='ltr'><strong>voluminum</strong></span> <span class='ocrx_word' id='word_1_29' title='bbox 1407 1437 1447 1478; x_wconf 92' lang='lat' dir='ltr'><strong>in</strong></span> <span class='ocrx_word' id='word_1_30' title='bbox 1478 1450 1571 1479; x_wconf 90' lang='lat' dir='ltr'><strong>eam</strong></span> <span class='ocrx_word' id='word_1_31' title='bbox 1604 1450 1693 1479; x_wconf 90' lang='lat' dir='ltr'><strong>rem</strong></span> <span class='ocrx_word' id='word_1_32' title='bbox 1726 1437 2065 1494; x_wconf 88' lang='lat' dir='ltr'><strong>conscriptorum</strong></span> <span class='ocrx_word' id='word_1_33' title='bbox 2090 1441 2230 1481; x_wconf 85' lang='lat' dir='ltr'><strong>tantus</strong></span> <span class='ocrx_word' id='word_1_34' title='bbox 2261 1437 2416 1491; x_wconf 77' lang='lat' dir='ltr'><strong>extitit,</strong></span> 
     </span>
     <span class='ocr_line' id='line_1_6' title="bbox 162 1497 2417 1557; baseline -0 -15"><span class='ocrx_word' id='word_1_35' title='bbox 162 1505 204 1542; x_wconf 89' lang='lat' dir='ltr'><strong>ut</strong></span> <span class='ocrx_word' id='word_1_36' title='bbox 239 1500 578 1557; x_wconf 88' lang='lat' dir='ltr'><strong>copiosissimam</strong></span> <span class='ocrx_word' id='word_1_37' title='bbox 620 1498 916 1541; x_wconf 85' lang='lat' dir='ltr'><strong>bibliothecam</strong></span> <span class='ocrx_word' id='word_1_38' title='bbox 961 1498 1060 1540; x_wconf 90' lang='lat' dir='ltr'><strong>inde</strong></span> <span class='ocrx_word' id='word_1_39' title='bbox 1105 1497 1326 1540; x_wconf 75' lang='lat' dir='ltr'><strong>efficeres:</strong></span> <span class='ocrx_word' id='word_1_40' title='bbox 1372 1504 1522 1545; x_wconf 66' lang='lat' dir='ltr'><strong>tamen,</strong></span> <span class='ocrx_word' id='word_1_41' title='bbox 1554 1511 1666 1554; x_wconf 83' lang='lat' dir='ltr'><strong>ego,</strong></span> <span class='ocrx_word' id='word_1_42' title='bbox 1711 1512 1956 1555; x_wconf 86' lang='lat' dir='ltr'><strong>quamquam</strong></span> <span class='ocrx_word' id='word_1_43' title='bbox 1993 1498 2056 1540; x_wconf 84' lang='lat' dir='ltr'><strong>his</strong></span> <span class='ocrx_word' id='word_1_44' title='bbox 2091 1499 2196 1540; x_wconf 90' lang='lat' dir='ltr'><strong>meis</strong></span> <span class='ocrx_word' id='word_1_45' title='bbox 2229 1500 2417 1554; x_wconf 84' lang='lat' dir='ltr'><strong>negotiis</strong></span> 
     </span>
     <span class='ocr_line' id='line_1_7' title="bbox 161 1557 2412 1618; baseline 0 -16"><span class='ocrx_word' id='word_1_46' title='bbox 161 1559 344 1618; x_wconf 88' lang='lat' dir='ltr'><strong>publicis</strong></span> <span class='ocrx_word' id='word_1_47' title='bbox 380 1560 603 1616; x_wconf 90' lang='lat' dir='ltr'><strong>impeditus</strong></span> <span class='ocrx_word' id='word_1_48' title='bbox 642 1562 719 1601; x_wconf 86' lang='lat' dir='ltr'><strong>vix</strong></span> <span class='ocrx_word' id='word_1_49' title='bbox 753 1563 854 1603; x_wconf 88' lang='lat' dir='ltr'><strong>satis</strong></span> <span class='ocrx_word' id='word_1_50' title='bbox 899 1561 973 1601; x_wconf 83' lang='lat' dir='ltr'><strong>otii</strong></span> <span class='ocrx_word' id='word_1_51' title='bbox 1014 1561 1199 1615; x_wconf 88' lang='lat' dir='ltr'><strong>scriptis,</strong></span> <span class='ocrx_word' id='word_1_52' title='bbox 1237 1574 1345 1615; x_wconf 88' lang='lat' dir='ltr'><strong>quae</strong></span> <span class='ocrx_word' id='word_1_53' title='bbox 1386 1561 1426 1600; x_wconf 89' lang='lat' dir='ltr'><strong>in</strong></span> <span class='ocrx_word' id='word_1_54' title='bbox 1462 1561 1633 1602; x_wconf 86' lang='lat' dir='ltr'><strong>summis</strong></span> <span class='ocrx_word' id='word_1_55' title='bbox 1675 1559 1809 1602; x_wconf 88' lang='lat' dir='ltr'><strong>literis</strong></span> <span class='ocrx_word' id='word_1_56' title='bbox 1844 1565 2097 1612; x_wconf 89' lang='lat' dir='ltr'><strong>versentur,</strong></span> <span class='ocrx_word' id='word_1_57' title='bbox 2138 1557 2412 1617; x_wconf 76' lang='lat' dir='ltr'><strong>suppeditare</strong></span> 
     </span>
     <span class='ocr_line' id='line_1_8' title="bbox 161 1619 2416 1678; baseline -0 -13"><span class='ocrx_word' id='word_1_58' title='bbox 161 1635 355 1678; x_wconf 88' lang='lat' dir='ltr'><strong>possum,</strong></span> <span class='ocrx_word' id='word_1_59' title='bbox 390 1623 586 1664; x_wconf 92' lang='lat' dir='ltr'><strong>surculos</strong></span> <span class='ocrx_word' id='word_1_60' title='bbox 625 1621 805 1677; x_wconf 90' lang='lat' dir='ltr'><strong>quodam</strong></span> <span class='ocrx_word' id='word_1_61' title='bbox 840 1620 965 1663; x_wconf 92' lang='lat' dir='ltr'><strong>modo</strong></span> <span class='ocrx_word' id='word_1_62' title='bbox 1001 1619 1305 1676; x_wconf 82' lang='lat' dir='ltr'><strong>defringendo,</strong></span> <span class='ocrx_word' id='word_1_63' title='bbox 1340 1633 1425 1662; x_wconf 91' lang='lat' dir='ltr'><strong>non</strong></span> <span class='ocrx_word' id='word_1_64' title='bbox 1464 1635 1516 1663; x_wconf 90' lang='lat' dir='ltr'><strong>eo</strong></span> <span class='ocrx_word' id='word_1_65' title='bbox 1552 1619 1752 1673; x_wconf 87' lang='lat' dir='ltr'><strong>consilio,</strong></span> <span class='ocrx_word' id='word_1_66' title='bbox 1785 1626 1828 1662; x_wconf 85' lang='lat' dir='ltr'><strong>ut.</strong></span> <span class='ocrx_word' id='word_1_67' title='bbox 1854 1620 1992 1663; x_wconf 90' lang='lat' dir='ltr'><strong>aliena</strong></span> <span class='ocrx_word' id='word_1_68' title='bbox 2022 1619 2229 1674; x_wconf 75' lang='lat' dir='ltr'><strong>auferam,</strong></span> <span class='ocrx_word' id='word_1_69' title='bbox 2262 1619 2339 1664; x_wconf 83' lang='lat' dir='ltr'><strong>sed</strong></span> <span class='ocrx_word' id='word_1_70' title='bbox 2372 1626 2416 1664; x_wconf 85' lang='lat' dir='ltr'><strong>ut</strong></span> 
     </span>
     <span class='ocr_line' id='line_1_9' title="bbox 162 1681 2419 1738; baseline 0 -14"><span class='ocrx_word' id='word_1_71' title='bbox 162 1681 215 1725; x_wconf 93' lang='lat' dir='ltr'><strong>de</strong></span> <span class='ocrx_word' id='word_1_72' title='bbox 249 1684 355 1725; x_wconf 92' lang='lat' dir='ltr'><strong>meis</strong></span> <span class='ocrx_word' id='word_1_73' title='bbox 387 1682 607 1738; x_wconf 89' lang='lat' dir='ltr'><strong>quaedam,</strong></span> <span class='ocrx_word' id='word_1_74' title='bbox 638 1682 959 1738; x_wconf 85' lang='lat' dir='ltr'><strong>qualiacumque</strong></span> <span class='ocrx_word' id='word_1_75' title='bbox 993 1688 1131 1733; x_wconf 87' lang='lat' dir='ltr'><strong>erunt,</strong></span> <span class='ocrx_word' id='word_1_76' title='bbox 1163 1682 1364 1735; x_wconf 68' lang='lat' dir='ltr'><strong>inferam,</strong></span> <span class='ocrx_word' id='word_1_77' title='bbox 1399 1683 1439 1723; x_wconf 92' lang='lat' dir='ltr'><strong>in</strong></span> <span class='ocrx_word' id='word_1_78' title='bbox 1475 1683 1794 1738; x_wconf 87' lang='lat' dir='ltr'><strong>possessionem</strong></span> <span class='ocrx_word' id='word_1_79' title='bbox 1830 1681 1956 1734; x_wconf 88' lang='lat' dir='ltr'><strong>illam,</strong></span> <span class='ocrx_word' id='word_1_80' title='bbox 1991 1681 2100 1724; x_wconf 89' lang='lat' dir='ltr'><strong>unde</strong></span> <span class='ocrx_word' id='word_1_81' title='bbox 2135 1683 2228 1725; x_wconf 85' lang='lat' dir='ltr'><strong>sine</strong></span> <span class='ocrx_word' id='word_1_82' title='bbox 2261 1695 2419 1738; x_wconf 85' lang='lat' dir='ltr'><strong>magno</strong></span> 
     </span>
     <span class='ocr_line' id='line_1_10' title="bbox 159 1742 2416 1800; baseline -0 -13"><span class='ocrx_word' id='word_1_83' title='bbox 159 1757 259 1787; x_wconf 90' lang='lat' dir='ltr'><strong>meo</strong></span> <span class='ocrx_word' id='word_1_84' title='bbox 293 1743 511 1787; x_wconf 87' lang='lat' dir='ltr'><strong>dedecore</strong></span> <span class='ocrx_word' id='word_1_85' title='bbox 547 1745 626 1787; x_wconf 87' lang='lat' dir='ltr'><strong>iam</strong></span> <span class='ocrx_word' id='word_1_86' title='bbox 663 1757 748 1786; x_wconf 91' lang='lat' dir='ltr'><strong>non</strong></span> <span class='ocrx_word' id='word_1_87' title='bbox 784 1742 995 1786; x_wconf 86' lang='lat' dir='ltr'><strong>recedere</strong></span> <span class='ocrx_word' id='word_1_88' title='bbox 1031 1743 1126 1785; x_wconf 89' lang='lat' dir='ltr'><strong>mihi</strong></span> <span class='ocrx_word' id='word_1_89' title='bbox 1160 1742 1275 1797; x_wconf 84' lang='lat' dir='ltr'><strong>licet,</strong></span> <span class='ocrx_word' id='word_1_90' title='bbox 1311 1744 1555 1800; x_wconf 84' lang='lat' dir='ltr'><strong>inrumpere</strong></span> <span class='ocrx_word' id='word_1_91' title='bbox 1590 1744 1796 1786; x_wconf 89' lang='lat' dir='ltr'><strong>constitui.</strong></span> <span class='ocrx_word' id='word_1_92' title='bbox 1863 1742 1904 1785; x_wconf 89' lang='lat' dir='ltr'><strong>ln</strong></span> <span class='ocrx_word' id='word_1_93' title='bbox 1939 1756 2022 1799; x_wconf 92' lang='lat' dir='ltr'><strong>quo</strong></span> <span class='ocrx_word' id='word_1_94' title='bbox 2056 1756 2186 1799; x_wconf 88' lang='lat' dir='ltr'><strong>spero</strong></span> <span class='ocrx_word' id='word_1_95' title='bbox 2219 1742 2341 1797; x_wconf 80' lang='lat' dir='ltr'><strong>fore,</strong></span> <span class='ocrx_word' id='word_1_96' title='bbox 2375 1748 2416 1786; x_wconf 90' lang='lat' dir='ltr'><strong>ut</strong></span> 
     </span>
     <span class='ocr_line' id='line_1_11' title="bbox 160 1803 2417 1862; baseline 0 -15"><span class='ocrx_word' id='word_1_97' title='bbox 160 1806 355 1847; x_wconf 85' lang='lat' dir='ltr'><strong>virorum</strong></span> <span class='ocrx_word' id='word_1_98' title='bbox 388 1804 733 1848; x_wconf 80' lang='lat' dir='ltr'><strong>doctissimorum</strong></span> <span class='ocrx_word' id='word_1_99' title='bbox 766 1806 935 1847; x_wconf 87' lang='lat' dir='ltr'><strong>veniam</strong></span> <span class='ocrx_word' id='word_1_100' title='bbox 971 1817 1236 1860; x_wconf 88' lang='lat' dir='ltr'><strong>consequar,</strong></span> <span class='ocrx_word' id='word_1_101' title='bbox 1271 1807 1304 1847; x_wconf 87' lang='lat' dir='ltr'><strong>si</strong></span> <span class='ocrx_word' id='word_1_102' title='bbox 1341 1818 1441 1846; x_wconf 86' lang='lat' dir='ltr'><strong>cura</strong></span> <span class='ocrx_word' id='word_1_103' title='bbox 1486 1819 1536 1846; x_wconf 85' lang='lat' dir='ltr'><strong>ac</strong></span> <span class='ocrx_word' id='word_1_104' title='bbox 1573 1804 1719 1847; x_wconf 88' lang='lat' dir='ltr'><strong>labore</strong></span> <span class='ocrx_word' id='word_1_105' title='bbox 1754 1817 1832 1860; x_wconf 91' lang='lat' dir='ltr'><strong>pro</strong></span> <span class='ocrx_word' id='word_1_106' title='bbox 1875 1803 2039 1847; x_wconf 88' lang='lat' dir='ltr'><strong>viribus</strong></span> <span class='ocrx_word' id='word_1_107' title='bbox 2068 1804 2417 1862; x_wconf 82' lang='lat' dir='ltr'><strong>temporibusque</strong></span> 
     </span>
     <span class='ocr_line' id='line_1_12' title="bbox 159 1864 2417 1924; baseline 0 -15"><span class='ocrx_word' id='word_1_108' title='bbox 159 1865 346 1909; x_wconf 86' lang='lat' dir='ltr'><strong>adhibito</strong></span> <span class='ocrx_word' id='word_1_109' title='bbox 376 1868 439 1909; x_wconf 88' lang='lat' dir='ltr'><strong>rei</strong></span> <span class='ocrx_word' id='word_1_110' title='bbox 475 1868 724 1924; x_wconf 87' lang='lat' dir='ltr'><strong>propositae</strong></span> <span class='ocrx_word' id='word_1_111' title='bbox 746 1881 866 1923; x_wconf 85' lang='lat' dir='ltr'><strong>quam</strong></span> <span class='ocrx_word' id='word_1_112' title='bbox 896 1867 1077 1908; x_wconf 83' lang='lat' dir='ltr'><strong>maxime</strong></span> <span class='ocrx_word' id='word_1_113' title='bbox 1104 1867 1317 1909; x_wconf 88' lang='lat' dir='ltr'><strong>institero:</strong></span> <span class='ocrx_word' id='word_1_114' title='bbox 1346 1880 1428 1923; x_wconf 92' lang='lat' dir='ltr'><strong>quo</strong></span> <span class='ocrx_word' id='word_1_115' title='bbox 1456 1866 1567 1909; x_wconf 84' lang='lat' dir='ltr'><strong>facto</strong></span> <span class='ocrx_word' id='word_1_116' title='bbox 1595 1867 1848 1922; x_wconf 85' lang='lat' dir='ltr'><strong>contingere</strong></span> <span class='ocrx_word' id='word_1_117' title='bbox 1879 1866 1975 1909; x_wconf 87' lang='lat' dir='ltr'><strong>mihi</strong></span> <span class='ocrx_word' id='word_1_118' title='bbox 2008 1871 2163 1924; x_wconf 85' lang='lat' dir='ltr'><strong>potest,</strong></span> <span class='ocrx_word' id='word_1_119' title='bbox 2189 1871 2231 1909; x_wconf 90' lang='lat' dir='ltr'><strong>ut</strong></span> <span class='ocrx_word' id='word_1_120' title='bbox 2260 1864 2417 1923; x_wconf 85' lang='lat' dir='ltr'><strong>aliquid</strong></span> 
     </span>
    </p>
   </div>
   <div class='ocr_carea' id='block_1_4' title="bbox 160 1926 2443 1979">
    <p class='ocr_par' dir='ltr' id='par_1_4' title="bbox 160 1926 2443 1979">
     <span class='ocr_line' id='line_1_13' title="bbox 160 1926 2443 1979; baseline 0.001 -11"><span class='ocrx_word' id='word_1_121' title='bbox 160 1926 330 1970; x_wconf 90' lang='lat' dir='ltr'><strong>luminis</strong></span> <span class='ocrx_word' id='word_1_122' title='bbox 363 1928 433 1967; x_wconf 90' lang='lat' dir='ltr'><strong>uni</strong></span> <span class='ocrx_word' id='word_1_123' title='bbox 472 1934 511 1968; x_wconf 90' lang='lat' dir='ltr'><strong>et</strong></span> <span class='ocrx_word' id='word_1_124' title='bbox 546 1928 668 1969; x_wconf 84' lang='lat' dir='ltr'><strong>alteri</strong></span> <span class='ocrx_word' id='word_1_125' title='bbox 705 1928 804 1970; x_wconf 93' lang='lat' dir='ltr'><strong>loco</strong></span> <span class='ocrx_word' id='word_1_126' title='bbox 841 1928 1073 1969; x_wconf 87' lang='lat' dir='ltr'><strong>carminum</strong></span> <span class='ocrx_word' id='word_1_127' title='bbox 1109 1928 1293 1969; x_wconf 81' lang='lat' dir='ltr'><strong>all‘eram-</strong></span> <span class='ocrx_word' id='word_1_128' title='bbox 1315 1929 1503 1969; x_wconf 85' lang='lat' dir='ltr'><strong>auctoris</strong></span> <span class='ocrx_word' id='word_1_129' title='bbox 1539 1929 1689 1979; x_wconf 86' lang='lat' dir='ltr'><strong>nostri,</strong></span> <span class='ocrx_word' id='word_1_130' title='bbox 1721 1929 1840 1969; x_wconf 90' lang='lat' dir='ltr'><strong>cuius</strong></span> <span class='ocrx_word' id='word_1_131' title='bbox 1874 1934 1915 1970; x_wconf 88' lang='lat' dir='ltr'><strong>et</strong></span> <span class='ocrx_word' id='word_1_132' title='bbox 1943 1928 2181 1970; x_wconf 88' lang='lat' dir='ltr'><strong>sententiae</strong></span> <span class='ocrx_word' id='word_1_133' title='bbox 2208 1933 2252 1969; x_wconf 85' lang='lat' dir='ltr'><strong>et</strong></span> <span class='ocrx_word' id='word_1_134' title='bbox 2279 1926 2443 1971; x_wconf 74' lang='lat' dir='ltr'><strong>verba·</strong></span> 
     </span>
    </p>
   </div>
   <div class='ocr_carea' id='block_1_5' title="bbox 158 1988 2418 2168">
    <p class='ocr_par' dir='ltr' id='par_1_5' title="bbox 158 1988 2418 2168">
     <span class='ocr_line' id='line_1_14' title="bbox 158 1988 2418 2046; baseline 0 -14"><span class='ocrx_word' id='word_1_135' title='bbox 158 1988 415 2045; x_wconf 89' lang='lat' dir='ltr'><strong>plerumque</strong></span> <span class='ocrx_word' id='word_1_136' title='bbox 452 1988 645 2032; x_wconf 90' lang='lat' dir='ltr'><strong>abstrusa</strong></span> <span class='ocrx_word' id='word_1_137' title='bbox 681 1996 720 2032; x_wconf 91' lang='lat' dir='ltr'><strong>et</strong></span> <span class='ocrx_word' id='word_1_138' title='bbox 753 1988 972 2032; x_wconf 86' lang='lat' dir='ltr'><strong>recondita</strong></span> <span class='ocrx_word' id='word_1_139' title='bbox 1010 1988 1124 2031; x_wconf 84' lang='lat' dir='ltr'><strong>tanto</strong></span> <span class='ocrx_word' id='word_1_140' title='bbox 1159 1988 1336 2032; x_wconf 82' lang='lat' dir='ltr'><strong>artificio</strong></span> <span class='ocrx_word' id='word_1_141' title='bbox 1372 1990 1596 2031; x_wconf 88' lang='lat' dir='ltr'><strong>coniuncta</strong></span> <span class='ocrx_word' id='word_1_142' title='bbox 1631 1990 1948 2046; x_wconf 87' lang='lat' dir='ltr'><strong>compositaque</strong></span> <span class='ocrx_word' id='word_1_143' title='bbox 1984 1995 2093 2043; x_wconf 91' lang='lat' dir='ltr'><strong>sunt,</strong></span> <span class='ocrx_word' id='word_1_144' title='bbox 2130 1994 2172 2032; x_wconf 87' lang='lat' dir='ltr'><strong>ut</strong></span> <span class='ocrx_word' id='word_1_145' title='bbox 2201 1989 2281 2037; x_wconf 79' lang='lat' dir='ltr'><strong>vix</strong></span> <span class='ocrx_word' id='word_1_146' title='bbox 2314 1988 2418 2033; x_wconf 84' lang='lat' dir='ltr'><strong>satis</strong></span> 
     </span>
     <span class='ocr_line' id='line_1_15' title="bbox 162 2049 2418 2108; baseline 0.001 -16"><span class='ocrx_word' id='word_1_147' title='bbox 162 2052 303 2093; x_wconf 88' lang='lat' dir='ltr'><strong>omnia</strong></span> <span class='ocrx_word' id='word_1_148' title='bbox 338 2049 515 2093; x_wconf 92' lang='lat' dir='ltr'><strong>enodari</strong></span> <span class='ocrx_word' id='word_1_149' title='bbox 552 2053 740 2108; x_wconf 83' lang='lat' dir='ltr'><strong>possint3</strong></span> <span class='ocrx_word' id='word_1_150' title='bbox 778 2065 857 2107; x_wconf 89' lang='lat' dir='ltr'><strong>qua</strong></span> <span class='ocrx_word' id='word_1_151' title='bbox 887 2050 1158 2107; x_wconf 83' lang='lat' dir='ltr'><strong>ambiguitate.</strong></span> <span class='ocrx_word' id='word_1_152' title='bbox 1183 2065 1290 2093; x_wconf 84' lang='lat' dir='ltr'><strong>vere</strong></span> <span class='ocrx_word' id='word_1_153' title='bbox 1311 2052 1477 2108; x_wconf 89' lang='lat' dir='ltr'><strong>poetica</strong></span> <span class='ocrx_word' id='word_1_154' title='bbox 1506 2051 1645 2094; x_wconf 88' lang='lat' dir='ltr'><strong>denuo</strong></span> <span class='ocrx_word' id='word_1_155' title='bbox 1674 2064 1843 2108; x_wconf 90' lang='lat' dir='ltr'><strong>semper</strong></span> <span class='ocrx_word' id='word_1_156' title='bbox 1867 2052 1972 2093; x_wconf 82' lang='lat' dir='ltr'><strong>mire</strong></span> <span class='ocrx_word' id='word_1_157' title='bbox 2003 2050 2239 2094; x_wconf 81' lang='lat' dir='ltr'><strong>delectatus</strong></span> <span class='ocrx_word' id='word_1_158' title='bbox 2265 2052 2418 2094; x_wconf 85' lang='lat' dir='ltr'><strong>nescio</strong></span> 
     </span>
     <span class='ocr_line' id='line_1_16' title="bbox 160 2112 1160 2168; baseline 0.002 -16"><span class='ocrx_word' id='word_1_159' title='bbox 160 2124 212 2152; x_wconf 92' lang='lat' dir='ltr'><strong>an</strong></span> <span class='ocrx_word' id='word_1_160' title='bbox 246 2124 455 2167; x_wconf 87' lang='lat' dir='ltr'><strong>nunquam</strong></span> <span class='ocrx_word' id='word_1_161' title='bbox 490 2112 540 2153; x_wconf 89' lang='lat' dir='ltr'><strong>ad</strong></span> <span class='ocrx_word' id='word_1_162' title='bbox 576 2112 880 2168; x_wconf 84' lang='lat' dir='ltr'><strong>perfruendum</strong></span> <span class='ocrx_word' id='word_1_163' title='bbox 916 2114 1160 2167; x_wconf 89' lang='lat' dir='ltr'><strong>pervenias.</strong></span> 
     </span>
    </p>
   </div>
   <div class='ocr_carea' id='block_1_6' title="bbox 287 2203 2416 2262">
    <p class='ocr_par' dir='ltr' id='par_1_6' title="bbox 287 2203 2416 2262">
     <span class='ocr_line' id='line_1_17' title="bbox 287 2203 2416 2262; baseline 0.002 -16"><span class='ocrx_word' id='word_1_164' title='bbox 287 2203 372 2246; x_wconf 90' lang='lat' dir='ltr'><strong>Sed</strong></span> <span class='ocrx_word' id='word_1_165' title='bbox 406 2206 486 2247; x_wconf 87' lang='lat' dir='ltr'><strong>iam</strong></span> <span class='ocrx_word' id='word_1_166' title='bbox 534 2205 583 2246; x_wconf 86' lang='lat' dir='ltr'><strong>ad</strong></span> <span class='ocrx_word' id='word_1_167' title='bbox 618 2219 707 2247; x_wconf 89' lang='lat' dir='ltr'><strong>rem</strong></span> <span class='ocrx_word' id='word_1_168' title='bbox 742 2207 1002 2262; x_wconf 86' lang='lat' dir='ltr'><strong>propositam</strong></span> <span class='ocrx_word' id='word_1_169' title='bbox 1046 2205 1297 2261; x_wconf 85' lang='lat' dir='ltr'><strong>pergamus!</strong></span> <span class='ocrx_word' id='word_1_170' title='bbox 1363 2205 1405 2246; x_wconf 91' lang='lat' dir='ltr'><strong>ln</strong></span> <span class='ocrx_word' id='word_1_171' title='bbox 1451 2220 1529 2262; x_wconf 88' lang='lat' dir='ltr'><strong>qua</strong></span> <span class='ocrx_word' id='word_1_172' title='bbox 1570 2206 1835 2262; x_wconf 87' lang='lat' dir='ltr'><strong>expedienda</strong></span> <span class='ocrx_word' id='word_1_173' title='bbox 1879 2207 2050 2261; x_wconf 89' lang='lat' dir='ltr'><strong>exiguis</strong></span> <span class='ocrx_word' id='word_1_174' title='bbox 2089 2209 2416 2262; x_wconf 83' lang='lat' dir='ltr'><strong>programmatis</strong></span> 
     </span>
    </p>
   </div>
   <div class='ocr_carea' id='block_1_7' title="bbox 160 2264 2450 2327">
    <p class='ocr_par' dir='ltr' id='par_1_7' title="bbox 160 2264 2450 2327">
     <span class='ocr_line' id='line_1_18' title="bbox 160 2264 2450 2327; baseline 0.003 -19"><span class='ocrx_word' id='word_1_175' title='bbox 160 2264 311 2308; x_wconf 87' lang='lat' dir='ltr'><strong>finibus</strong></span> <span class='ocrx_word' id='word_1_176' title='bbox 346 2266 563 2309; x_wconf 88' lang='lat' dir='ltr'><strong>coercitus</strong></span> <span class='ocrx_word' id='word_1_177' title='bbox 598 2267 744 2322; x_wconf 88' lang='lat' dir='ltr'><strong>paucis</strong></span> <span class='ocrx_word' id='word_1_178' title='bbox 781 2273 933 2309; x_wconf 87' lang='lat' dir='ltr'><strong>tantum</strong></span> <span class='ocrx_word' id='word_1_179' title='bbox 968 2265 1130 2309; x_wconf 83' lang='lat' dir='ltr'><strong>Horatii</strong></span> <span class='ocrx_word' id='word_1_180' title='bbox 1164 2267 1409 2321; x_wconf 79' lang='lat' dir='ltr'><strong>carminum,</strong></span> <span class='ocrx_word' id='word_1_181' title='bbox 1429 2269 1583 2324; x_wconf 89' lang='lat' dir='ltr'><strong>quippe</strong></span> <span class='ocrx_word' id='word_1_182' title='bbox 1608 2281 1714 2323; x_wconf 87' lang='lat' dir='ltr'><strong>quae</strong></span> <span class='ocrx_word' id='word_1_183' title='bbox 1741 2268 1780 2309; x_wconf 92' lang='lat' dir='ltr'><strong>in</strong></span> <span class='ocrx_word' id='word_1_184' title='bbox 1809 2266 1967 2310; x_wconf 87' lang='lat' dir='ltr'><strong>scholis</strong></span> <span class='ocrx_word' id='word_1_185' title='bbox 1994 2267 2152 2310; x_wconf 82' lang='lat' dir='ltr'><strong>nostris</strong></span> <span class='ocrx_word' id='word_1_186' title='bbox 2181 2269 2416 2327; x_wconf 88' lang='lat' dir='ltr'><strong>praecipue</strong></span> <span class='ocrx_word' id='word_1_187' title='bbox 2446 2294 2450 2298; x_wconf 91' lang='lat'><strong>·</strong></span> 
     </span>
    </p>
   </div>
   <div class='ocr_carea' id='block_1_8' title="bbox 139 2327 2418 2510">
    <p class='ocr_par' dir='ltr' id='par_1_8' title="bbox 139 2327 2418 2510">
     <span class='ocr_line' id='line_1_19' title="bbox 160 2327 2415 2386; baseline 0.003 -18"><span class='ocrx_word' id='word_1_188' title='bbox 160 2327 508 2382; x_wconf 75' lang='lat' dir='ltr'><strong>interpretemur,</strong></span> <span class='ocrx_word' id='word_1_189' title='bbox 543 2328 650 2369; x_wconf 88' lang='lat' dir='ltr'><strong>locis</strong></span> <span class='ocrx_word' id='word_1_190' title='bbox 688 2327 958 2384; x_wconf 87' lang='lat' dir='ltr'><strong>explicandis</strong></span> <span class='ocrx_word' id='word_1_191' title='bbox 992 2327 1327 2369; x_wconf 85' lang='lat' dir='ltr'><strong>emendandisve</strong></span> <span class='ocrx_word' id='word_1_192' title='bbox 1360 2341 1533 2385; x_wconf 85' lang='lat' dir='ltr'><strong>operam</strong></span> <span class='ocrx_word' id='word_1_193' title='bbox 1575 2328 1706 2380; x_wconf 82' lang='lat' dir='ltr'><strong>dabo,</strong></span> <span class='ocrx_word' id='word_1_194' title='bbox 1740 2328 2055 2384; x_wconf 87' lang='lat' dir='ltr'><strong>haudquaquam</strong></span> <span class='ocrx_word' id='word_1_195' title='bbox 2092 2330 2415 2386; x_wconf 84' lang='lat' dir='ltr'><strong>impugnaturus</strong></span> 
     </span>
     <span class='ocr_line' id='line_1_20' title="bbox 139 2387 2416 2451; baseline 0.003 -23"><span class='ocrx_word' id='word_1_196' title='bbox 139 2388 538 2445; x_wconf 16' lang='lat' dir='ltr'><strong>‘interpretationes</strong></span> <span class='ocrx_word' id='word_1_197' title='bbox 589 2388 969 2431; x_wconf 88' lang='lat' dir='ltr'><strong>emendationesve</strong></span> <span class='ocrx_word' id='word_1_198' title='bbox 996 2403 1025 2450; x_wconf 26' lang='lat' dir='ltr'><strong>&#39;a</strong></span> <span class='ocrx_word' id='word_1_199' title='bbox 1064 2390 1171 2430; x_wconf 88' lang='lat' dir='ltr'><strong>viris</strong></span> <span class='ocrx_word' id='word_1_200' title='bbox 1215 2387 1350 2431; x_wconf 90' lang='lat' dir='ltr'><strong>doctis</strong></span> <span class='ocrx_word' id='word_1_201' title='bbox 1392 2390 1603 2446; x_wconf 84' lang='lat' dir='ltr'><strong>prolatas:</strong></span> <span class='ocrx_word' id='word_1_202' title='bbox 1645 2403 1747 2451; x_wconf 86' lang='lat' dir='ltr'><strong>quas</strong></span> <span class='ocrx_word' id='word_1_203' title='bbox 1791 2390 1860 2446; x_wconf 91' lang='lat' dir='ltr'><strong>qui</strong></span> <span class='ocrx_word' id='word_1_204' title='bbox 1906 2401 2094 2431; x_wconf 88' lang='lat' dir='ltr'><strong>noscere</strong></span> <span class='ocrx_word' id='word_1_205' title='bbox 2131 2389 2280 2445; x_wconf 67' lang='lat' dir='ltr'><strong>volet,</strong></span> <span class='ocrx_word' id='word_1_206' title='bbox 2321 2392 2416 2450; x_wconf 89' lang='lat' dir='ltr'><strong>ipse</strong></span> 
     </span>
     <span class='ocr_line' id='line_1_21' title="bbox 161 2447 2418 2510; baseline 0.003 -21"><span class='ocrx_word' id='word_1_207' title='bbox 161 2447 378 2490; x_wconf 87' lang='lat' dir='ltr'><strong>volumina</strong></span> <span class='ocrx_word' id='word_1_208' title='bbox 405 2462 553 2491; x_wconf 89' lang='lat' dir='ltr'><strong>eorum</strong></span> <span class='ocrx_word' id='word_1_209' title='bbox 585 2450 773 2492; x_wconf 82' lang='lat' dir='ltr'><strong>evolvat.</strong></span> <span class='ocrx_word' id='word_1_210' title='bbox 801 2449 895 2492; x_wconf 91' lang='lat' dir='ltr'><strong>Non</strong></span> <span class='ocrx_word' id='word_1_211' title='bbox 925 2451 1034 2491; x_wconf 89' lang='lat' dir='ltr'><strong>enim</strong></span> <span class='ocrx_word' id='word_1_212' title='bbox 1060 2451 1215 2503; x_wconf 89' lang='lat' dir='ltr'><strong>ignoro</strong></span> <span class='ocrx_word' id='word_1_213' title='bbox 1241 2448 1456 2492; x_wconf 87' lang='lat' dir='ltr'><strong>Horatium</strong></span> <span class='ocrx_word' id='word_1_214' title='bbox 1481 2464 1578 2492; x_wconf 80' lang='lat' dir='ltr'><strong>esse</strong></span> <span class='ocrx_word' id='word_1_215' title='bbox 1608 2457 1773 2506; x_wconf 87' lang='lat' dir='ltr'><strong>poetam</strong></span> <span class='ocrx_word' id='word_1_216' title='bbox 1796 2463 1881 2491; x_wconf 91' lang='lat' dir='ltr'><strong>non</strong></span> <span class='ocrx_word' id='word_1_217' title='bbox 1905 2451 1974 2506; x_wconf 91' lang='lat' dir='ltr'><strong>qui</strong></span> <span class='ocrx_word' id='word_1_218' title='bbox 1997 2457 2137 2494; x_wconf 89' lang='lat' dir='ltr'><strong>mente</strong></span> <span class='ocrx_word' id='word_1_219' title='bbox 2166 2452 2418 2510; x_wconf 84' lang='lat' dir='ltr'><strong>rationeque</strong></span> 
     </span>
    </p>
   </div>
   <div class='ocr_carea' id='block_1_9' title="bbox 90 2508 2419 2572">
    <p class='ocr_par' dir='ltr' id='par_1_9' title="bbox 90 2508 2419 2572">
     <span class='ocr_line' id='line_1_22' title="bbox 90 2508 2419 2572; baseline 0.003 -21"><span class='ocrx_word' id='word_1_220' title='bbox 90 2546 97 2550; x_wconf 87' lang='lat'><em>.</em></span> <span class='ocrx_word' id='word_1_221' title='bbox 160 2508 269 2562; x_wconf 83' lang='lat' dir='ltr'><strong>sola,</strong></span> <span class='ocrx_word' id='word_1_222' title='bbox 296 2508 371 2551; x_wconf 90' lang='lat' dir='ltr'><strong>sed</strong></span> <span class='ocrx_word' id='word_1_223' title='bbox 404 2510 532 2553; x_wconf 90' lang='lat' dir='ltr'><strong>multo</strong></span> <span class='ocrx_word' id='word_1_224' title='bbox 561 2512 685 2554; x_wconf 90' lang='lat' dir='ltr'><strong>etiam</strong></span> <span class='ocrx_word' id='word_1_225' title='bbox 713 2513 847 2567; x_wconf 85' lang='lat' dir='ltr'><strong>magis</strong></span> <span class='ocrx_word' id='word_1_226' title='bbox 882 2512 1022 2556; x_wconf 83' lang='lat' dir='ltr'><strong>animo</strong></span> <span class='ocrx_word' id='word_1_227' title='bbox 1048 2517 1312 2567; x_wconf 90' lang='lat' dir='ltr'><strong>pectoreque</strong></span> <span class='ocrx_word' id='word_1_228' title='bbox 1338 2526 1388 2553; x_wconf 84' lang='lat' dir='ltr'><strong>ac</strong></span> <span class='ocrx_word' id='word_1_229' title='bbox 1414 2511 1591 2554; x_wconf 85' lang='lat' dir='ltr'><strong>naturali</strong></span> <span class='ocrx_word' id='word_1_230' title='bbox 1626 2511 1803 2568; x_wconf 89' lang='lat' dir='ltr'><strong>quodam</strong></span> <span class='ocrx_word' id='word_1_231' title='bbox 1834 2524 1962 2555; x_wconf 89' lang='lat' dir='ltr'><strong>sensu</strong></span> <span class='ocrx_word' id='word_1_232' title='bbox 1991 2517 2114 2555; x_wconf 89' lang='lat' dir='ltr'><strong>recte</strong></span> <span class='ocrx_word' id='word_1_233' title='bbox 2140 2513 2419 2572; x_wconf 85' lang='lat' dir='ltr'><strong>percipiatur,</strong></span> 
     </span>
    </p>
   </div>
   <div class='ocr_carea' id='block_1_10' title="bbox 159 2571 2422 2691">
    <p class='ocr_par' dir='ltr' id='par_1_10' title="bbox 159 2571 2422 2691">
     <span class='ocr_line' id='line_1_23' title="bbox 159 2571 2422 2631; baseline 0.003 -18"><span class='ocrx_word' id='word_1_234' title='bbox 159 2582 301 2627; x_wconf 86' lang='lat' dir='ltr'><strong>neque</strong></span> <span class='ocrx_word' id='word_1_235' title='bbox 338 2583 436 2614; x_wconf 90' lang='lat' dir='ltr'><strong>esse</strong></span> <span class='ocrx_word' id='word_1_236' title='bbox 472 2571 567 2615; x_wconf 81' lang='lat' dir='ltr'><strong>sere</strong></span> <span class='ocrx_word' id='word_1_237' title='bbox 602 2574 839 2629; x_wconf 77' lang='lat' dir='ltr'><strong>quicquain,</strong></span> <span class='ocrx_word' id='word_1_238' title='bbox 875 2572 985 2629; x_wconf 92' lang='lat' dir='ltr'><strong>quod</strong></span> <span class='ocrx_word' id='word_1_239' title='bbox 1021 2573 1063 2613; x_wconf 92' lang='lat' dir='ltr'><strong>in</strong></span> <span class='ocrx_word' id='word_1_240' title='bbox 1102 2573 1194 2613; x_wconf 86' lang='lat' dir='ltr'><strong>eius</strong></span> <span class='ocrx_word' id='word_1_241' title='bbox 1228 2575 1434 2628; x_wconf 87' lang='lat' dir='ltr'><strong>poematis</strong></span> <span class='ocrx_word' id='word_1_242' title='bbox 1467 2573 1732 2629; x_wconf 88' lang='lat' dir='ltr'><strong>explicandis</strong></span> <span class='ocrx_word' id='word_1_243' title='bbox 1771 2574 2069 2630; x_wconf 76' lang='lat' dir='ltr'><strong>proposueris,</strong></span> <span class='ocrx_word' id='word_1_244' title='bbox 2102 2575 2201 2631; x_wconf 90' lang='lat' dir='ltr'><strong>quin</strong></span> <span class='ocrx_word' id='word_1_245' title='bbox 2237 2574 2344 2619; x_wconf 73' lang='lat' dir='ltr'><strong>ferri</strong></span> <span class='ocrx_word' id='word_1_246' title='bbox 2375 2582 2422 2621; x_wconf 75' lang='lat' dir='ltr'><strong>et</strong></span> 
     </span>
     <span class='ocr_line' id='line_1_24' title="bbox 161 2629 1606 2691; baseline 0.002 -19"><span class='ocrx_word' id='word_1_247' title='bbox 161 2629 250 2673; x_wconf 91' lang='lat' dir='ltr'><strong>ullo</strong></span> <span class='ocrx_word' id='word_1_248' title='bbox 286 2631 412 2674; x_wconf 91' lang='lat' dir='ltr'><strong>modo</strong></span> <span class='ocrx_word' id='word_1_249' title='bbox 453 2631 625 2676; x_wconf 78' lang='lat' dir='ltr'><strong>defendi</strong></span> <span class='ocrx_word' id='word_1_250' title='bbox 662 2635 812 2691; x_wconf 78' lang='lat' dir='ltr'><strong>possit,</strong></span> <span class='ocrx_word' id='word_1_251' title='bbox 847 2639 888 2675; x_wconf 90' lang='lat' dir='ltr'><strong>ut</strong></span> <span class='ocrx_word' id='word_1_252' title='bbox 925 2631 1058 2675; x_wconf 88' lang='lat' dir='ltr'><strong>verba</strong></span> <span class='ocrx_word' id='word_1_253' title='bbox 1092 2646 1218 2675; x_wconf 87' lang='lat' dir='ltr'><strong>carm.</strong></span> <span class='ocrx_word' id='word_1_254' title='bbox 1250 2632 1284 2684; x_wconf 73' lang='grc' dir='ltr'><strong>Ι,</strong></span> <span class='ocrx_word' id='word_1_255' title='bbox 1319 2634 1362 2685; x_wconf 80' lang='grc'><strong>4,</strong></span> <span class='ocrx_word' id='word_1_256' title='bbox 1397 2634 1453 2675; x_wconf 85' lang='grc'><strong>16</strong></span> <span class='ocrx_word' id='word_1_257' title='bbox 1483 2634 1606 2675; x_wconf 87' lang='lat' dir='ltr'><strong>haec:</strong></span> 
     </span>
    </p>
   </div>
   <div class='ocr_carea' id='block_1_11' title="bbox 409 2724 1380 2832">
    <p class='ocr_par' dir='ltr' id='par_1_11' title="bbox 409 2724 1380 2832">
     <span class='ocr_line' id='line_1_25' title="bbox 409 2724 1380 2784; baseline 0.001 -16"><span class='ocrx_word' id='word_1_258' title='bbox 409 2725 500 2768; x_wconf 83' lang='lat' dir='ltr'><strong>Jam</strong></span> <span class='ocrx_word' id='word_1_259' title='bbox 535 2732 575 2768; x_wconf 88' lang='lat' dir='ltr'><strong>te</strong></span> <span class='ocrx_word' id='word_1_260' title='bbox 609 2732 774 2784; x_wconf 86' lang='lat' dir='ltr'><strong>premet</strong></span> <span class='ocrx_word' id='word_1_261' title='bbox 804 2739 892 2769; x_wconf 83' lang='lat' dir='ltr'><strong>nox</strong></span> <span class='ocrx_word' id='word_1_262' title='bbox 926 2725 1180 2782; x_wconf 80' lang='lat' dir='ltr'><strong>fabulaeque</strong></span> <span class='ocrx_word' id='word_1_263' title='bbox 1219 2724 1380 2781; x_wconf 83' lang='lat' dir='ltr'><strong>Manes,</strong></span> 
     </span>
     <span class='ocr_line' id='line_1_26' title="bbox 415 2786 1062 2832; baseline 0 -2"><span class='ocrx_word' id='word_1_264' title='bbox 415 2786 466 2830; x_wconf 92' lang='lat' dir='ltr'><strong>Et</strong></span> <span class='ocrx_word' id='word_1_265' title='bbox 501 2787 649 2832; x_wconf 90' lang='lat' dir='ltr'><strong>domus</strong></span> <span class='ocrx_word' id='word_1_266' title='bbox 683 2788 811 2832; x_wconf 89' lang='lat' dir='ltr'><strong>exilis</strong></span> <span class='ocrx_word' id='word_1_267' title='bbox 846 2787 1062 2832; x_wconf 87' lang='lat' dir='ltr'><strong>Plutonia:</strong></span> 
     </span>
    </p>
   </div>
   <div class='ocr_carea' id='block_1_12' title="bbox 0 2927 399 3199">
    <p class='ocr_par' dir='ltr' id='par_1_12' title="bbox 0 2927 399 3199">
     <span class='ocr_line' id='line_1_27' title="bbox 0 2927 399 3199; baseline 0 0"><span class='ocrx_word' id='word_1_268' title='bbox 0 2927 399 3199; x_wconf 95' lang='lat' dir='ltr'><strong> </strong></span> 
     </span>
    </p>
   </div>
   <div class='ocr_carea' id='block_1_13' title="bbox 2139 2658 2660 3199">
    <p class='ocr_par' dir='ltr' id='par_1_13' title="bbox 2139 2658 2660 3199">
     <span class='ocr_line' id='line_1_28' title="bbox 2139 2658 2660 3199; baseline 0 0"><span class='ocrx_word' id='word_1_269' title='bbox 2139 2658 2660 3199; x_wconf 95' lang='lat' dir='ltr'><strong> </strong></span> 
     </span>
    </p>
   </div>
   <div class='ocr_carea' id='block_1_14' title="bbox 1673 0 2660 674">
    <p class='ocr_par' dir='ltr' id='par_1_14' title="bbox 1673 0 2660 674">
     <span class='ocr_line' id='line_1_29' title="bbox 1673 0 2660 674; baseline 0 2525"><span class='ocrx_word' id='word_1_270' title='bbox 1673 0 2660 674; x_wconf 95' lang='lat' dir='ltr'><strong> </strong></span> 
     </span>
    </p>
   </div>
  </div>
 </body>
</html>
